<record><leader>00000cas a22000007a 4500</leader><controlfield tag="001">15002126</controlfield><controlfield tag="008">861222d18971925iauwr ne      0    0eng d</controlfield><datafield ind1=" " ind2=" " tag="010"><subfield code="a">sn 86060904 </subfield></datafield><datafield ind1=" " ind2=" " tag="040"><subfield code="a">INP</subfield><subfield code="b">eng</subfield><subfield code="c">INP</subfield><subfield code="d">OCLCQ</subfield></datafield><datafield ind1=" " ind2=" " tag="042"><subfield code="a">msc</subfield></datafield><datafield ind1="0" ind2="4" tag="245"><subfield code="a">The Russell union.</subfield></datafield><datafield ind1=" " ind2=" " tag="260"><subfield code="a">Russell, Lucas County, Iowa :</subfield><subfield code="b">Harry Keller</subfield></datafield><datafield ind1=" " ind2=" " tag="300"><subfield code="a">v. :</subfield><subfield code="b">ill.</subfield></datafield><datafield ind1=" " ind2=" " tag="310"><subfield code="a">Weekly</subfield></datafield><datafield ind1="1" ind2=" " tag="362"><subfield code="a">Began in 1897; ceased in 1925.</subfield><subfield code="z">Cf. Bibl. of Iowa newspapers.</subfield></datafield><datafield ind1=" " ind2=" " tag="500"><subfield code="a">Publisher varies.</subfield></datafield><datafield ind1=" " ind2=" " tag="515"><subfield code="a">Suspended publication from Aug. 5-Nov. 18, 1920.</subfield></datafield><datafield ind1=" " ind2=" " tag="588"><subfield code="a">Description based on: Vol. 12, no. 16 (May 28, 1908).</subfield></datafield><datafield ind1=" " ind2=" " tag="752"><subfield code="a">United States</subfield><subfield code="b">Iowa</subfield><subfield code="c">Lucas</subfield><subfield code="d">Russell.</subfield></datafield><datafield ind1="0" ind2="7" tag="785"><subfield code="t">Melrose tribune</subfield></datafield><datafield ind1="0" ind2="7" tag="785"><subfield code="t">Union-tribune (Russell, Iowa)</subfield><subfield code="w">(DLC)sn 86060283</subfield></datafield></record>